<record><leader>00000cas a2200000 a 4500</leader><controlfield tag="001">9473364</controlfield><controlfield tag="008">830503d19831984nyudn ne      0   a0eng c</controlfield><datafield ind1=" " ind2=" " tag="010"><subfield code="a">sn 83000616 </subfield></datafield><datafield ind1=" " ind2=" " tag="040"><subfield code="a">NSD</subfield><subfield code="b">eng</subfield><subfield code="c">NSD</subfield><subfield code="d">DLC</subfield><subfield code="d">YOX</subfield><subfield code="d">DLC</subfield><subfield code="d">OCLCQ</subfield><subfield code="d">GBVCP</subfield><subfield code="d">OCLCF</subfield><subfield code="d">OCLCO</subfield></datafield><datafield ind1=" " ind2=" " tag="012"><subfield code="m">d</subfield><subfield code="j">0</subfield></datafield><datafield ind1=" " ind2=" " tag="015"><subfield code="a">014422786</subfield><subfield code="2">dnb</subfield></datafield><datafield ind1="7" ind2=" " tag="016"><subfield code="a">798578-2</subfield><subfield code="2">DE-600</subfield></datafield><datafield ind1="7" ind2=" " tag="016"><subfield code="a">014422786</subfield><subfield code="2">de-101</subfield></datafield><datafield ind1="7" ind2=" " tag="016"><subfield code="a">7985782</subfield><subfield code="2">de-600</subfield></datafield><datafield ind1="1" ind2=" " tag="022"><subfield code="a">0745-8010</subfield><subfield code="l">0745-8010</subfield><subfield code="2">1</subfield></datafield><datafield ind1="1" ind2=" " tag="029"><subfield code="a">AU@</subfield><subfield code="b">000020263596</subfield></datafield><datafield ind1="1" ind2=" " tag="029"><subfield code="a">GBVCP</subfield><subfield code="b">168648423</subfield></datafield><datafield ind1=" " ind2=" " tag="032"><subfield code="a">456590</subfield><subfield code="b">USPS</subfield></datafield><datafield ind1=" " ind2=" " tag="042"><subfield code="a">pcc</subfield><subfield code="a">nsdp</subfield></datafield><datafield ind1=" " ind2=" " tag="043"><subfield code="a">n-us-ny</subfield></datafield><datafield ind1="0" ind2="0" tag="050"><subfield code="a">Newspaper</subfield></datafield><datafield ind1="0" ind2=" " tag="130"><subfield code="a">New York tribune (New York, N.Y. : 1983)</subfield></datafield><datafield ind1=" " ind2="0" tag="222"><subfield code="a">New York tribune</subfield><subfield code="b">(1983)</subfield></datafield><datafield ind1="0" ind2="0" tag="245"><subfield code="a">New York tribune.</subfield></datafield><datafield ind1=" " ind2=" " tag="260"><subfield code="a">New York, NY :</subfield><subfield code="b">News World Communications,</subfield><subfield code="c">1983-1984.</subfield></datafield><datafield ind1=" " ind2=" " tag="300"><subfield code="a">2 v. :</subfield><subfield code="b">ill. ;</subfield><subfield code="c">58 cm.</subfield></datafield><datafield ind1=" " ind2=" " tag="310"><subfield code="a">Daily (except Sunday)</subfield></datafield><datafield ind1="1" ind2=" " tag="362"><subfield code="a">Began Apr. 4, 1983.</subfield></datafield><datafield ind1="0" ind2=" " tag="362"><subfield code="a">-v. 2, no. 167 (Oct. 16, 1984).</subfield></datafield><datafield ind1=" " ind2="0" tag="651"><subfield code="a">New York (N.Y.)</subfield><subfield code="v">Newspapers.</subfield></datafield><datafield ind1=" " ind2="7" tag="655"><subfield code="a">Newspapers.</subfield><subfield code="2">fast</subfield><subfield code="0">(OCoLC)fst01423814</subfield></datafield><datafield ind1=" " ind2="7" tag="651"><subfield code="a">New York (State)</subfield><subfield code="z">New York.</subfield><subfield code="2">fast</subfield><subfield code="0">(OCoLC)fst01204333</subfield></datafield><datafield ind1=" " ind2=" " tag="752"><subfield code="a">United States</subfield><subfield code="b">New York</subfield><subfield code="c">New York</subfield><subfield code="d">New York.</subfield></datafield><datafield ind1="0" ind2="0" tag="780"><subfield code="t">News world</subfield><subfield code="w">(OCoLC)7855467</subfield><subfield code="w">(DLC)sn 88063131</subfield></datafield><datafield ind1="0" ind2="0" tag="785"><subfield code="t">New York City tribune</subfield><subfield code="x">8750-5282</subfield><subfield code="w">(DLC)sn 84002109</subfield></datafield></record>